<?xml version = "1.0" encoding = "UTF-8"?><OAI-PMH xmlns="http://www.openarchives.org/OAI/2.0/" xmlns:xsi="http://www.w3.org/2001/XMLSchema-instance" xsi:schemaLocation="http://www.openarchives.org/OAI/2.0/ http://www.openarchives.org/OAI/2.0/OAI-PMH.xsd"><ListRecords><record><header><identifier>aleph-publish:011404221</identifier></header><metadata><record xmlns="http://www.ddb.de/professionell/mabxml/mabxml-1.xsd"><leader>------M2.01200024------h</leader><controlfield tag="LDR">------M2.01200024------h</controlfield><controlfield tag="FMT">MH</controlfield><datafield tag="001" ind1="-" ind2="1"><subfield code="a">HT013077595</subfield></datafield><datafield tag="002" ind1="a" ind2="1"><subfield code="a">20010705</subfield></datafield><datafield tag="003" ind1="-" ind2="1"><subfield code="a">20210408103034.0</subfield></datafield><datafield tag="025" ind1="o" ind2="1"><subfield code="a">1071271454</subfield></datafield><controlfield tag="030">a|1uc||||||37</controlfield><datafield tag="036" ind1="a" ind2="1"><subfield code="a">DE</subfield></datafield><datafield tag="037" ind1="b" ind2="1"><subfield code="a">ger</subfield></datafield><controlfield tag="050">a|||||||||||||</controlfield><controlfield tag="051">m|||||||</controlfield><datafield tag="064" ind1="a" ind2="1"><subfield code="a">Lehrmittel</subfield><subfield code="9">(DE-588)4074111-4</subfield></datafield><datafield tag="070" ind1="-" ind2="1"><subfield code="a">6</subfield></datafield><datafield tag="070" ind1="b" ind2="1"><subfield code="a">6</subfield></datafield><datafield tag="078" ind1="n" ind2="1"><subfield code="a">NWBib-6</subfield></datafield><datafield tag="080" ind1="-" ind2="1"><subfield code="a">60</subfield></datafield><datafield tag="100" ind1="b" ind2="1"><subfield code="p">Balke, Kirsten</subfield></datafield><datafield tag="104" ind1="b" ind2="1"><subfield code="p">Boer, Hans-Peter</subfield><subfield code="d">1949-</subfield><subfield code="b">[Red.]</subfield><subfield code="9">(DE-588)109490312</subfield></datafield><datafield tag="105" ind1="-" ind2="1"><subfield code="p">Boer, Hans Peter</subfield><subfield code="d">1949-</subfield></datafield><datafield tag="200" ind1="b" ind2="1"><subfield code="k">Kreisheimatverein Coesfeld</subfield><subfield code="9">(DE-588)128755-2</subfield></datafield><datafield tag="201" ind1="-" ind2="1"><subfield code="k">Kreisheimatverein Coesfeld e.V.</subfield></datafield><datafield tag="331" ind1="-" ind2="1"><subfield code="a">Geschichte hier</subfield></datafield><datafield tag="335" ind1="-" ind2="1"><subfield code="a">Kirsten Balke. [Hrsg.: Kreisheimatverein Coesfeld e.V. Red.: Hans-Peter Boer ...]</subfield></datafield><datafield tag="410" ind1="-" ind2="1"><subfield code="a">Coesfeld</subfield></datafield><datafield tag="425" ind1="a" ind2="1"><subfield code="a">2000</subfield></datafield><datafield tag="433" ind1="-" ind2="1"><subfield code="a">VII, 119 S. : Ill., graph. Darst., Kt.</subfield></datafield><datafield tag="678" ind1="-" ind2="1"><subfield code="a">Lehrer</subfield><subfield code="9">(DE-588)4035088-5</subfield></datafield><datafield tag="700" ind1="n" ind2="1"><subfield code="a">Kreis Coesfeld</subfield><subfield code="0">https://nwbib.de/spatial#Q6210</subfield></datafield><datafield tag="700" ind1="n" ind2="1"><subfield code="a">Coesfeld</subfield><subfield code="0">https://nwbib.de/spatial#Q14914</subfield></datafield><datafield tag="700" ind1="n" ind2="1"><subfield code="a">Unterricht</subfield><subfield code="0">https://nwbib.de/subjects#N784080</subfield></datafield><datafield tag="700" ind1="n" ind2="1"><subfield code="a">Geschichte</subfield><subfield code="0">https://nwbib.de/subjects#N240000</subfield></datafield><datafield tag="902" ind1="-" ind2="1"><subfield code="g">Coesfeld</subfield><subfield code="9">(DE-588)4010355-9</subfield></datafield><datafield tag="902" ind1="-" ind2="1"><subfield code="s">Heimatkundeunterricht</subfield><subfield code="9">(DE-588)4024116-6</subfield></datafield><datafield tag="907" ind1="-" ind2="1"><subfield code="g">Kreis Coesfeld</subfield><subfield code="9">(DE-588)4010356-0</subfield></datafield><datafield tag="907" ind1="-" ind2="1"><subfield code="s">Heimatkundeunterricht</subfield><subfield code="9">(DE-588)4024116-6</subfield></datafield><controlfield tag="SYS">011404221</controlfield><datafield tag="952" ind1="-" ind2="1"><subfield code="g">Kosfelʹd</subfield></datafield><datafield tag="952" ind1="-" ind2="1"><subfield code="g">Koesfeld</subfield></datafield><datafield tag="952" ind1="-" ind2="1"><subfield code="g">Coeßfeldt</subfield></datafield><datafield tag="952" ind1="-" ind2="1"><subfield code="g">Stadt Coesfeld</subfield></datafield><datafield tag="952" ind1="-" ind2="1"><subfield code="s">Heimatkunde</subfield><subfield code="h">Unterricht</subfield></datafield><datafield tag="952" ind1="-" ind2="1"><subfield code="s">Heimatkunde</subfield><subfield code="x">Didaktik</subfield></datafield><datafield tag="952" ind1="-" ind2="1"><subfield code="s">Heimatkundedidaktik</subfield></datafield><datafield tag="957" ind1="-" ind2="1"><subfield code="k">Kreis Coesfeld</subfield><subfield code="b">Oberkreisdirektor</subfield></datafield><datafield tag="957" ind1="-" ind2="1"><subfield code="k">Oberkreisdirektor</subfield><subfield code="h">Kreis Coesfeld</subfield></datafield><datafield tag="957" ind1="-" ind2="1"><subfield code="k">Kreis Coesfeld</subfield><subfield code="b">Kreistag</subfield></datafield><datafield tag="957" ind1="-" ind2="1"><subfield code="k">Kreistag</subfield><subfield code="h">Kreis Coesfeld</subfield></datafield><datafield tag="957" ind1="-" ind2="1"><subfield code="k">Kreis Coesfeld</subfield><subfield code="b">Hauptamt</subfield></datafield><datafield tag="957" ind1="-" ind2="1"><subfield code="k">Hauptamt</subfield><subfield code="h">Kreis Coesfeld</subfield></datafield><datafield tag="957" ind1="-" ind2="1"><subfield code="k">Kreis Coesfeld</subfield><subfield code="b">Landrat</subfield></datafield><datafield tag="957" ind1="-" ind2="1"><subfield code="k">Landrat</subfield><subfield code="h">Kreis Coesfeld</subfield></datafield><datafield tag="957" ind1="-" ind2="1"><subfield code="k">Kreis Coesfeld</subfield><subfield code="b">Kreisverwaltung</subfield></datafield><datafield tag="957" ind1="-" ind2="1"><subfield code="k">Kreisverwaltung</subfield><subfield code="h">Kreis Coesfeld</subfield></datafield><datafield tag="957" ind1="-" ind2="1"><subfield code="g">Landkreis Coesfeld</subfield></datafield><datafield tag="957" ind1="-" ind2="1"><subfield code="g">Coesfeld</subfield><subfield code="h">Kreis</subfield></datafield><datafield tag="957" ind1="-" ind2="1"><subfield code="s">Heimatkunde</subfield><subfield code="h">Unterricht</subfield></datafield><datafield tag="957" ind1="-" ind2="1"><subfield code="s">Heimatkunde</subfield><subfield code="x">Didaktik</subfield></datafield><datafield tag="957" ind1="-" ind2="1"><subfield code="s">Heimatkundedidaktik</subfield></datafield><datafield tag="088" ind1=" " ind2=" "><subfield code="a">6</subfield><subfield code="c">AA 12514</subfield><subfield code="e">keine Angabe</subfield></datafield><datafield tag="088" ind1=" " ind2=" "><subfield code="a">6</subfield><subfield code="c">2J 1468</subfield><subfield code="e">keine Angabe</subfield></datafield><datafield tag="088" ind1=" " ind2=" "><subfield code="a">6/248</subfield><subfield code="c">Y 401 - 36</subfield><subfield code="e">keine Angabe</subfield></datafield></record></metadata></record></ListRecords></OAI-PMH>